@booklet{artin91,
    author	= "M. Artin",
    title	= "Algebra",
    year	= "1991",
}

@booklet{delgado99,
    author	= "F. Delgado de la Mata",
    title	= "Introducci칩n al algebra: anillos, factorizaci칩n y teoria de cuerpos",
    year	= "1999",
}

@booklet{delgado02,
    author	= "F. Delgado de la Mata",
    title	= "Introducci칩n al 치lgebra. Soluciones de los problemas",
    year	= "2002",
}

@booklet{hungerford03,
    author	= "T. W. Hungerford",
    title	= "Algebra",
    year	= "2003",
}

@booklet{jacobson85,
    author	= "N. Jacobson",
    title	= "Basic Algebra I",
    year	= "1985",
}

@booklet{lang02,
    author	= "S. Lang",
    title	= "Algebra",
    year	= "2002",
}