@booklet{ortega05,
    author   = "Joaquim Ortega-Cerda",
    title     = "Funcions Anal´ıtiques",
    year      = "2005",
    month    = "February",
}